<record><leader>00000cas a22000007a 4500</leader><controlfield tag="001">14815954</controlfield><controlfield tag="008">861121c19229999wiudn ne      0    0eng  </controlfield><controlfield tag="009">466</controlfield><datafield ind1=" " ind2=" " tag="010"><subfield code="a">sn 86072139 </subfield></datafield><datafield ind1=" " ind2=" " tag="040"><subfield code="a">DLC</subfield><subfield code="b">eng</subfield><subfield code="c">DLC</subfield><subfield code="d">NPV</subfield><subfield code="d">NVF</subfield><subfield code="d">OCLCQ</subfield></datafield><datafield ind1="1" ind2=" " tag="029"><subfield code="a">AU@</subfield><subfield code="b">000025799416</subfield></datafield><datafield ind1=" " ind2=" " tag="037"><subfield code="b">1226 Ogden Ave., Superior, Wis. 54880</subfield></datafield><datafield ind1=" " ind2=" " tag="042"><subfield code="a">msc</subfield></datafield><datafield ind1="0" ind2="0" tag="050"><subfield code="a">Newspaper 7002</subfield></datafield><datafield ind1="0" ind2=" " tag="130"><subfield code="a">Evening telegram (Superior, Wis. : 1922)</subfield></datafield><datafield ind1="0" ind2="4" tag="245"><subfield code="a">The evening telegram.</subfield></datafield><datafield ind1=" " ind2=" " tag="260"><subfield code="a">Superior, Wis. :</subfield><subfield code="b">Evening Telegram Co.,</subfield><subfield code="c">1922-</subfield></datafield><datafield ind1=" " ind2=" " tag="300"><subfield code="a">v.</subfield></datafield><datafield ind1=" " ind2=" " tag="310"><subfield code="a">Daily (except Sun.)</subfield></datafield><datafield ind1="0" ind2=" " tag="362"><subfield code="a">Vol. 37, no. 184 (Nov. 21, 1922)-</subfield></datafield><datafield ind1=" " ind2=" " tag="500"><subfield code="a">Issue for June 11, 1940 is golden anniversary ed.</subfield></datafield><datafield ind1=" " ind2=" " tag="525"><subfield code="a">Feb. 7, 1923 issue includes supplement called: New Plant number.</subfield></datafield><datafield ind1=" " ind2="4" tag="651"><subfield code="a">Superior (Wis.)</subfield><subfield code="v">Newspapers.</subfield></datafield><datafield ind1=" " ind2=" " tag="752"><subfield code="a">United States</subfield><subfield code="b">Wisconsin</subfield><subfield code="c">Douglas</subfield><subfield code="d">Superior.</subfield></datafield><datafield ind1="0" ind2="0" tag="780"><subfield code="t">Superior telegram</subfield><subfield code="w">(DLC)sn 87082402</subfield></datafield></record>